@phdthesis{ondrej07,
 author               = "Ondrej Linda",
 school               = "Czech Technical University",
 title                = "Generation of planetary models by means of fractal algorithms",
 year                 = "2007",
 }

@inproceedings{pnoise,
 author = {Perlin, Ken},
 title = {Improving Noise},
 booktitle = {Proceedings of the 29th Annual Conference on Computer Graphics and Interactive Techniques},
 series = {SIGGRAPH '02},
 year = {2002},
 isbn = {1-58113-521-1},
 location = {San Antonio, Texas},
 pages = {681--682},
 numpages = {2},
 url = {http://doi.acm.org/10.1145/566570.566636},
 doi = {10.1145/566570.566636},
 acmid = {566636},
 publisher = {ACM},
 address = {New York, NY, USA},
 keywords = {procedural texture},
} 


@misc{akahler,
  author = "Andreas Kahler",
  title = "Creating an icosphere mesh in code",
  year = 2009,
  howpublished = "http://bit.ly/1YK9w7W",
  note = {Accessed: 2015-11-1}
}
